@String{AAAI = "AAAI Conference on Artificial Intelligence"}
@String{ACL = "Annual Meeting of the Association for Computational Linguistics"}
@String{AOSD = "International Conference on Aspect-Oriented Software Development"}
@String{ASE = "Automated Software Engineering"}
@String{ASETool = "Automated Software Engineering, Tool Demonstrations"}
@String{CADE = "International Conference on Automated Deduction"}
@String{CAV = "International Conference on Computer Aided Verification"}
@String{CICLing = "International Conference on Intelligent Text Processing and Computational Linguistics"}
@String{CICM = "International Conference on Intelligent Computer Mathematics"}
@String{CICMWIP = "Work in Progress at the Conference on Intelligent Computer Mathematics"}
@String{COLING = "International Conference on Computational Linguistics"}
@String{COQPL = "International Workshop on Coq for Programming Languages"}
@String{CPP = "Certified Programs and Proofs"}
@String{CSUR = "ACM Computing Surveys"}
@String{EACL = "Conference of the European Chapter of the Association for Computational Linguistics"}
@String{ECOOP = "European Conference on Object-Oriented Programming"}
@String{EMNLP = "Empirical Methods in Natural Language Processing"}
@String{ESEC/FSE = "Joint European Software Engineering Conference and Symposium on the Foundations of Software Engineering"}
@String{ESOP = "European Symposium on Programming"}
@String{FASE = "Fundamental Approaches to Software Engineering"}
@String{FM = "International Symposium on Formal Methods"}
@String{FSE = "International Symposium on the Foundations of Software Engineering"}
@String{FSENIER = "International Symposium on the Foundations of Software Engineering, NIER"}
@String{ICLR = "International Conference on Learning Representations"}
@String{ICML = "International Conference on Machine Learning"}
@String{ICPC = "International Conference on Program Comprehension"}
@String{ICSE = "International Conference on Software Engineering"}
@String{ICSME = "International Conference on Software Maintenance and Evolution"}
@String{ICST = "International Conference on Software Testing, Verification, and Validation"}
@String{IJCAI = "International Joint Conference on Artificial Intelligence"}
@String{IJCAR = "International Joint Conference on Automated Reasoning"}
@String{ISSTA = "International Symposium on Software Testing and Analysis"}
@String{ITP = "International Conference on Interactive Theorem Proving"}
@String{LPAR = "International Conference on Logic for Programming, Artificial Intelligence, and Reasoning"}
@String{MSR = "International Conference on Mining Software Repositories"}
@String{NAACL = "Conference of the North American Chapter of the Association for Computational Linguistics: Human Language Technologies"}
@String{NeurIPS = "Annual Conference on Neural Information Processing Systems"}
@String{NIPS = "Annual Conference on Neural Information Processing Systems"}
@String{OOPSLA = "International Conference on Object-Oriented Programming, Systems, Languages, and Applications"}
@String{PLDI = "Conference on Programming Language Design and Implementation"}
@String{POPL = "Symposium on Principles of Programming Languages"}
@String{SANER = "International Conference on Software Analysis, Evolution and Reengineering"}
@String{SOOPPA = "Symposium on Object-Oriented Programming Emphasizing Practical Applications"}
@String{SOSP = "Symposium on Operating Systems Principles"}
@String{TPHOLs = "Theorem Proving in Higher Order Logics"}
@String{TYPES = "International Conference on Types for Proofs and Programs"}
@String{UITP = "International Workshop On User Interfaces for Theorem Provers"}
@String{WCRE = "Working Conference on Reverse Engineering"}


@inproceedings{MusfiqurETAL19NaturalSoftwareRevisited,
  author = {Rahman, Musfiqur and Palani, Dharani and Rigby, Peter},
  title = {Natural Software Revisited},
  booktitle = ICSE,
  pages = {37--48},
  year = {2019},
}

@article{MiltiadisCoRR17Survey,
  author    = {Miltiadis Allamanis and
               Earl T. Barr and
               Premkumar T. Devanbu and
               Charles A. Sutton},
  title     = {A Survey of Machine Learning for Big Code and Naturalness},
  journal   = {CoRR},
  LONGvolume    = {abs/1709.06182},
  year      = {2017},
  LONGurl       = {http://arxiv.org/abs/1709.06182},
  archivePrefix = {arXiv},
  eprint    = {1709.06182},
}


@inproceedings{HindleETAL12NaturalnessOfSoftware,
  author = {Hindle, Abram and Barr, Earl T. and Su, Zhendong and Gabel, Mark and Devanbu, Premkumar},
  title = {On the Naturalness of Software},
  booktitle = ICSE,
  pages = {837--847},
  year = {2012},
  LONGlocation = {Zurich, Switzerland},
  LONGpublisher = {IEEE Press},
  LONGaddress = {Piscataway, NJ, USA},
}

@inproceedings{HellendoornETAL18NaturalnessOfProofs,
  author = {Hellendoorn, Vincent J. and Devanbu, Premkumar T. and Alipour, Mohammad Amin},
  title = {On the Naturalness of Proofs},
  booktitle = FSENier,
  pages = {724--728},
  year = {2018},
  LONGlocation = {Lake Buena Vista, FL, USA},
  LONGpublisher = {ACM},
  LONGaddress = {New York, NY, USA},
  LONGkeywords = {Deep Learning, Naturalness, Proofs},
}

@inproceedings{jasonleeFSE20hdlnaturalness,
author = {Lee, Jaeseong and Nie, Pengyu and Li, Junyi Jessy and Gligoric, Milos},
title = {On the Naturalness of Hardware Descriptions},
year = {2020},
isbn = {9781450370431},
publisher = {Association for Computing Machinery},
address = {New York, NY, USA},
url = {https://doi.org/10.1145/3368089.3409692},
doi = {10.1145/3368089.3409692},
booktitle = {Proceedings of the 28th ACM Joint Meeting on European Software Engineering Conference and Symposium on the Foundations of Software Engineering},
pages = {530â€“542},
numpages = {13},
location = {Virtual Event, USA},
series = {ESEC/FSE 2020}
}

@article{feng2020codebert,
  author    = {Zhangyin Feng and
               Daya Guo and
               Duyu Tang and
               Nan Duan and
               Xiaocheng Feng and
               Ming Gong and
               Linjun Shou and
               Bing Qin and
               Ting Liu and
               Daxin Jiang and
               Ming Zhou},
  title     = {CodeBERT: {A} Pre-Trained Model for Programming and Natural Languages},
  journal   = {CoRR},
  volume    = {abs/2002.08155},
  year      = {2020},
  url       = {https://arxiv.org/abs/2002.08155},
  eprinttype = {arXiv},
  eprint    = {2002.08155},
  timestamp = {Thu, 18 Jun 2020 10:52:55 +0200},
  biburl    = {https://dblp.org/rec/journals/corr/abs-2002-08155.bib},
  bibsource = {dblp computer science bibliography, https://dblp.org}
}

@article{guo2020graphcodebert,
  author    = {Daya Guo and
               Shuo Ren and
               Shuai Lu and
               Zhangyin Feng and
               Duyu Tang and
               Shujie Liu and
               Long Zhou and
               Nan Duan and
               Alexey Svyatkovskiy and
               Shengyu Fu and
               Michele Tufano and
               Shao Kun Deng and
               Colin B. Clement and
               Dawn Drain and
               Neel Sundaresan and
               Jian Yin and
               Daxin Jiang and
               Ming Zhou},
  title     = {GraphCodeBERT: Pre-training Code Representations with Data Flow},
  journal   = {CoRR},
  volume    = {abs/2009.08366},
  year      = {2020},
  url       = {https://arxiv.org/abs/2009.08366},
  eprinttype = {arXiv},
  eprint    = {2009.08366},
  timestamp = {Tue, 13 Oct 2020 10:46:35 +0200},
  biburl    = {https://dblp.org/rec/journals/corr/abs-2009-08366.bib},
  bibsource = {dblp computer science bibliography, https://dblp.org}
}

@article{wang2021syncobert,
  author    = {Xin Wang and
               Yasheng Wang and
               Pingyi Zhou and
               Fei Mi and
               Meng Xiao and
               Yadao Wang and
               Li Li and
               Xiao Liu and
               Hao Wu and
               Jin Liu and
               Xin Jiang},
  title     = {{CLSEBERT:} Contrastive Learning for Syntax Enhanced Code Pre-Trained
               Model},
  journal   = {CoRR},
  volume    = {abs/2108.04556},
  year      = {2021},
  url       = {https://arxiv.org/abs/2108.04556},
  eprinttype = {arXiv},
  eprint    = {2108.04556},
  timestamp = {Wed, 01 Sep 2021 12:22:22 +0200},
  biburl    = {https://dblp.org/rec/journals/corr/abs-2108-04556.bib},
  bibsource = {dblp computer science bibliography, https://dblp.org}
}

@article{lachaux2020unsupervised,
  author    = {Marie{-}Anne Lachaux and
               Baptiste Rozi{\`{e}}re and
               Lowik Chanussot and
               Guillaume Lample},
  title     = {Unsupervised Translation of Programming Languages},
  journal   = {CoRR},
  volume    = {abs/2006.03511},
  year      = {2020},
  url       = {https://arxiv.org/abs/2006.03511},
  eprinttype = {arXiv},
  eprint    = {2006.03511},
  timestamp = {Tue, 09 Jun 2020 16:38:02 +0200},
  biburl    = {https://dblp.org/rec/journals/corr/abs-2006-03511.bib},
  bibsource = {dblp computer science bibliography, https://dblp.org}
}

@article{zugner2021languageagnostic,
  author    = {Daniel Z{\"{u}}gner and
               Tobias Kirschstein and
               Michele Catasta and
               Jure Leskovec and
               Stephan G{\"{u}}nnemann},
  title     = {Language-Agnostic Representation Learning of Source Code from Structure
               and Context},
  journal   = {CoRR},
  volume    = {abs/2103.11318},
  year      = {2021},
  url       = {https://arxiv.org/abs/2103.11318},
  eprinttype = {arXiv},
  eprint    = {2103.11318},
  timestamp = {Wed, 24 Mar 2021 15:50:40 +0100},
  biburl    = {https://dblp.org/rec/journals/corr/abs-2103-11318.bib},
  bibsource = {dblp computer science bibliography, https://dblp.org}
}

@inproceedings{radford2018gpt,
  title={Improving Language Understanding by Generative Pre-Training},
  author={Alec Radford and Karthik Narasimhan},
  year={2018}
}

@article{devlin2019bert,
  author    = {Jacob Devlin and
               Ming{-}Wei Chang and
               Kenton Lee and
               Kristina Toutanova},
  title     = {{BERT:} Pre-training of Deep Bidirectional Transformers for Language
               Understanding},
  journal   = {CoRR},
  volume    = {abs/1810.04805},
  year      = {2018},
  url       = {http://arxiv.org/abs/1810.04805},
  eprinttype = {arXiv},
  eprint    = {1810.04805},
  timestamp = {Tue, 30 Oct 2018 20:39:56 +0100},
  biburl    = {https://dblp.org/rec/journals/corr/abs-1810-04805.bib},
  bibsource = {dblp computer science bibliography, https://dblp.org}
}

@article{yang2020xlnet,
  author    = {Zhilin Yang and
               Zihang Dai and
               Yiming Yang and
               Jaime G. Carbonell and
               Ruslan Salakhutdinov and
               Quoc V. Le},
  title     = {XLNet: Generalized Autoregressive Pretraining for Language Understanding},
  journal   = {CoRR},
  volume    = {abs/1906.08237},
  year      = {2019},
  url       = {http://arxiv.org/abs/1906.08237},
  eprinttype = {arXiv},
  eprint    = {1906.08237},
  timestamp = {Mon, 24 Jun 2019 17:28:45 +0200},
  biburl    = {https://dblp.org/rec/journals/corr/abs-1906-08237.bib},
  bibsource = {dblp computer science bibliography, https://dblp.org}
}

@article{raffel2020exploring,
  author    = {Colin Raffel and
               Noam Shazeer and
               Adam Roberts and
               Katherine Lee and
               Sharan Narang and
               Michael Matena and
               Yanqi Zhou and
               Wei Li and
               Peter J. Liu},
  title     = {Exploring the Limits of Transfer Learning with a Unified Text-to-Text
               Transformer},
  journal   = {CoRR},
  volume    = {abs/1910.10683},
  year      = {2019},
  url       = {http://arxiv.org/abs/1910.10683},
  eprinttype = {arXiv},
  eprint    = {1910.10683},
  timestamp = {Fri, 05 Feb 2021 15:43:41 +0100},
  biburl    = {https://dblp.org/rec/journals/corr/abs-1910-10683.bib},
  bibsource = {dblp computer science bibliography, https://dblp.org}
}

@inproceedings{whiteMSR15swrepo,
author = {White, Martin and Vendome, Christopher and Linares-V\'{a}squez, Mario and Poshyvanyk, Denys},
title = {Toward Deep Learning Software Repositories},
year = {2015},
isbn = {9780769555942},
publisher = {IEEE Press},
booktitle = {Proceedings of the 12th Working Conference on Mining Software Repositories},
pages = {334â€“345},
numpages = {12},
keywords = {software repositories, n-grams, software language models, machine learning, deep learning, neural networks},
location = {Florence, Italy},
series = {MSR '15}
}

@inproceedings{allamanis2016convolutional,
  title={A Convolutional Attention Network for Extreme Summarization of Source Code},
  author={Allamanis, Miltiadis and Peng, Hao and Sutton, Charles},
  booktitle={International Conference on Machine Learning (ICML)},
  year={2016}
}

@inproceedings{alon2020structural,
  title={Structural language models of code},
  author={Alon, Uri and Sadaka, Roy and Levy, Omer and Yahav, Eran},
  booktitle={International Conference on Machine Learning},
  pages={245--256},
  year={2020},
  organization={PMLR}
}

@article{svyatkovskiy2021fastneuralcodecompletion,
  author    = {Alexey Svyatkovskiy and
               Sebastian Lee and
               Anna Hadjitofi and
               Maik Riechert and
               Juliana Franco and
               Miltiadis Allamanis},
  title     = {Fast and Memory-Efficient Neural Code Completion},
  journal   = {CoRR},
  volume    = {abs/2004.13651},
  year      = {2020},
  url       = {https://arxiv.org/abs/2004.13651},
  eprinttype = {arXiv},
  eprint    = {2004.13651},
  timestamp = {Sat, 02 May 2020 19:17:26 +0200},
  biburl    = {https://dblp.org/rec/journals/corr/abs-2004-13651.bib},
  bibsource = {dblp computer science bibliography, https://dblp.org}
}

@misc{hu2018codesum,
      title={CodeSum: Translate Program Language to Natural Language}, 
      author={Xing Hu and Yuhan Wei and Ge Li and Zhi Jin},
      year={2018},
      eprint={1708.01837},
      archivePrefix={arXiv},
      primaryClass={cs.SE}
}

@inproceedings{alon2018codeseq,
    title={code2seq: Generating Sequences from Structured Representations of Code},
    author={Uri Alon and Shaked Brody and Omer Levy and Eran Yahav},
    booktitle={International Conference on Learning Representations},
    year={2019},
    url={https://openreview.net/forum?id=H1gKYo09tX},
}

@INPROCEEDINGS{white2016neuralclonedetection,
  author={White, Martin and Tufano, Michele and Vendome, Christopher and Poshyvanyk, Denys},
  booktitle={2016 31st IEEE/ACM International Conference on Automated Software Engineering (ASE)}, 
  title={Deep learning code fragments for code clone detection}, 
  year={2016},
  volume={},
  number={},
  pages={87-98},
  doi={}
}

@article{dai2019reldisttransformer,
  author    = {Zihang Dai and
               Zhilin Yang and
               Yiming Yang and
               Jaime G. Carbonell and
               Quoc V. Le and
               Ruslan Salakhutdinov},
  title     = {Transformer-XL: Attentive Language Models Beyond a Fixed-Length Context},
  journal   = {CoRR},
  volume    = {abs/1901.02860},
  year      = {2019},
  url       = {http://arxiv.org/abs/1901.02860},
  eprinttype = {arXiv},
  eprint    = {1901.02860},
  timestamp = {Fri, 01 Feb 2019 13:39:59 +0100},
  biburl    = {https://dblp.org/rec/journals/corr/abs-1901-02860.bib},
  bibsource = {dblp computer science bibliography, https://dblp.org}
}

@INPROCEEDINGS{svajlenko2014bigclonecodebench,
  author    = {Svajlenko, Jeffrey and Islam, Judith F. and Keivanloo, Iman and Roy, Chanchal K. and Mia, Mohammad Mamun},
  booktitle = {2014 IEEE International Conference on Software Maintenance and Evolution}, 
  title     = {Towards a Big Data Curated Benchmark of Inter-project Code Clones}, 
  year      = {2014},
  volume    = {},
  number    = {},
  pages     = {476-480},
  doi       = {10.1109/ICSME.2014.77}
}

@INPROCEEDINGS{nguyen2015codetranslation,
  author={Nguyen, Anh Tuan and Nguyen, Tung Thanh and Nguyen, Tien N.},
  booktitle={2015 30th IEEE/ACM International Conference on Automated Software Engineering (ASE)}, 
  title={Divide-and-Conquer Approach for Multi-phase Statistical Migration for Source Code (T)}, 
  year={2015},
  volume={},
  number={},
  pages={585-596},
  doi={10.1109/ASE.2015.74}
}

@article{chen2018codetranslation,
  author    = {Xinyun Chen and
               Chang Liu and
               Dawn Song},
  title     = {Tree-to-tree Neural Networks for Program Translation},
  journal   = {CoRR},
  volume    = {abs/1802.03691},
  year      = {2018},
  url       = {http://arxiv.org/abs/1802.03691},
  eprinttype = {arXiv},
  eprint    = {1802.03691},
  timestamp = {Mon, 22 Jul 2019 13:37:31 +0200},
  biburl    = {https://dblp.org/rec/journals/corr/abs-1802-03691.bib},
  bibsource = {dblp computer science bibliography, https://dblp.org}
}

@article{tufano2019coderefinement,
  author    = {Michele Tufano and
               Cody Watson and
               Gabriele Bavota and
               Massimiliano Di Penta and
               Martin White and
               Denys Poshyvanyk},
  title     = {An Empirical Study on Learning Bug-Fixing Patches in the Wild via
               Neural Machine Translation},
  journal   = {CoRR},
  volume    = {abs/1812.08693},
  year      = {2018},
  url       = {http://arxiv.org/abs/1812.08693},
  eprinttype = {arXiv},
  eprint    = {1812.08693},
  timestamp = {Wed, 02 Jan 2019 14:40:18 +0100},
  biburl    = {https://dblp.org/rec/journals/corr/abs-1812-08693.bib},
  bibsource = {dblp computer science bibliography, https://dblp.org}
}

@article{liu2019roberta,
  author    = {Yinhan Liu and
               Myle Ott and
               Naman Goyal and
               Jingfei Du and
               Mandar Joshi and
               Danqi Chen and
               Omer Levy and
               Mike Lewis and
               Luke Zettlemoyer and
               Veselin Stoyanov},
  title     = {RoBERTa: {A} Robustly Optimized {BERT} Pretraining Approach},
  journal   = {CoRR},
  volume    = {abs/1907.11692},
  year      = {2019},
  url       = {http://arxiv.org/abs/1907.11692},
  eprinttype = {arXiv},
  eprint    = {1907.11692},
  timestamp = {Thu, 01 Aug 2019 08:59:33 +0200},
  biburl    = {https://dblp.org/rec/journals/corr/abs-1907-11692.bib},
  bibsource = {dblp computer science bibliography, https://dblp.org}
}

@article{tran2019doesbleuworkforcode,
  author    = {Ngoc M. Tran and
               Hieu Tran and
               Son Nguyen and
               Hoan Nguyen and
               Tien N. Nguyen},
  title     = {Does {BLEU} Score Work for Code Migration?},
  journal   = {CoRR},
  volume    = {abs/1906.04903},
  year      = {2019},
  url       = {http://arxiv.org/abs/1906.04903},
  eprinttype = {arXiv},
  eprint    = {1906.04903},
  timestamp = {Fri, 14 Jun 2019 09:38:24 +0200},
  biburl    = {https://dblp.org/rec/journals/corr/abs-1906-04903.bib},
  bibsource = {dblp computer science bibliography, https://dblp.org}
}